<?xml version="1.0" encoding="UTF-8"?><collection xmlns="http://www.loc.gov/MARC21/slim"><record><leader>00408nam--2200133-i-4500</leader><controlfield tag="001">000042086</controlfield><controlfield tag="002">20161230</controlfield><controlfield tag="005">20161230201043</controlfield><controlfield tag="008">060222s1000------------r-----000-0-eng-d</controlfield><datafield ind1=" " ind2=" " tag="080"><subfield code="a">621.039.526:621.039.534.63</subfield></datafield><datafield ind1=" " ind2=" " tag="245"><subfield code="a">Sodium-nak engineering handbook:vol4:sodium pumps,valves,piping and auxililiary equipment</subfield></datafield><datafield ind1=" " ind2=" " tag="260"><subfield code="a">New York, Gordon And Breach Sc.Publ.Inc.,1978</subfield></datafield><datafield ind1=" " ind2=" " tag="700"><subfield code="a">O.J.Foust</subfield></datafield><datafield ind1=" " ind2=" " tag="852"><subfield code="a">47034</subfield></datafield></record></collection>